// reference my github repo
@misc{github_ta05_repository,
  author = {Raul Jose Silverio da Silva, Luan de Oliveira Magalhães, Vinicius Lázaro Bartolomeu},
  title = {Exprerimentos com o MLP from scratch},
  year = {2025},
  publisher = {GitHub},
  url = {https://github.com/viniciusbartolomeu96/INFO_7064_TA5}
}